<?xml version="1.0" encoding="UTF-8"?>
<record xmlns="http://www.loc.gov/MARC21/slim" xmlns:xsi="http://www.w3.org/2001/XMLSchema-instance" xsi:schemaLocation="http://www.loc.gov/MARC21/slim http://www.loc.gov/standards/marcxml/schema/MARC21slim.xsd">
<leader>     cam a2200337 a 4500</leader>
<controlfield tag="001">000999177</controlfield>
<controlfield tag="003">NNU</controlfield>
<controlfield tag="005">20061010171604.0</controlfield>
<controlfield tag="008">031209s1947    ua       b    000 0 ara d</controlfield>
<datafield tag="035" ind1="9" ind2=" ">
<subfield code="a">NYUb12814908</subfield>
</datafield>
<datafield tag="035" ind1=" " ind2=" ">
<subfield code="a">(CStRLIN)NYUG03-B4368</subfield>
</datafield>
<datafield tag="040" ind1=" " ind2=" ">
<subfield code="a">MH</subfield>
<subfield code="c">MH</subfield>
<subfield code="d">CStRLIN</subfield>
<subfield code="d">NNU</subfield>
</datafield>
<datafield tag="041" ind1=" " ind2=" ">
<subfield code="a">arafre</subfield>
</datafield>
<datafield tag="043" ind1=" " ind2=" ">
<subfield code="a">f-ua---</subfield>
</datafield>
<datafield tag="066" ind1=" " ind2=" ">
<subfield code="c">(3</subfield>
</datafield>
<datafield tag="090" ind1=" " ind2=" ">
<subfield code="a">Z857.E33</subfield>
<subfield code="b">M86 1947</subfield>
</datafield>
<datafield tag="100" ind1="1" ind2=" ">
<subfield code="a">Munier, Henri,</subfield>
<subfield code="d">1884-1945</subfield>
<subfield code="6">880-01</subfield>
</datafield>
<datafield tag="245" ind1="1" ind2="3">
<subfield code="6">880-02</subfield>
<subfield code="a">al-Dalīl li-ahamm al-maktabāt al-ʻāmmah bi-al-Qāhirah wa-al-Iskandarīyah /</subfield>
<subfield code="c">waḍʻ Hinrī Mūnyī wa-Jāk Tājir.</subfield>
</datafield>
<datafield tag="246" ind1="1" ind2=" ">
<subfield code="i">Added title page title:</subfield>
<subfield code="a">Guide des principales bibliothèques publiques du Caire et d'Alexandrie</subfield>
</datafield>
<datafield tag="260" ind1=" " ind2=" ">
<subfield code="6">880-03</subfield>
<subfield code="a">al-Qāhirah :</subfield>
<subfield code="b">Dār al-Maʻārif,</subfield>
<subfield code="c">1947.</subfield>
</datafield>
<datafield tag="300" ind1=" " ind2=" ">
<subfield code="a">73, 71 p. ;</subfield>
<subfield code="c">17 cm.</subfield>
</datafield>
<datafield tag="500" ind1=" " ind2=" ">
<subfield code="a">At head of title: al-Jamʻīyah al-Jughrāfīyah al-Malakīyah.</subfield>
</datafield>
<datafield tag="500" ind1=" " ind2=" ">
<subfield code="a">Text in Arabic and French.</subfield>
</datafield>
<datafield tag="504" ind1=" " ind2=" ">
<subfield code="a">Includes bibliographical references (p. [67]-710.</subfield>
</datafield>
<datafield tag="650" ind1=" " ind2="0">
<subfield code="a">Libraries</subfield>
<subfield code="z">Egypt</subfield>
<subfield code="v">Directories.</subfield>
</datafield>
<datafield tag="650" ind1=" " ind2="0">
<subfield code="a">Libraries</subfield>
<subfield code="z">Egypt</subfield>
<subfield code="z">Cairo.</subfield>
</datafield>
<datafield tag="650" ind1=" " ind2="0">
<subfield code="a">Libraries</subfield>
<subfield code="z">Egypt</subfield>
<subfield code="z">Alexandria.</subfield>
</datafield>
<datafield tag="700" ind1="1" ind2=" ">
<subfield code="a">Tājir, Jāk.</subfield>
</datafield>
<datafield tag="880" ind1="0" ind2=" ">
<subfield code="6">100-01/</subfield>
<subfield code="a">مونييه، هنرى.</subfield>
</datafield>
<datafield tag="880" ind1="1" ind2="2">
<subfield code="6">245-02/</subfield>
<subfield code="a">الدليل لاهم المكتبات العامة بالقاهرة والاسكندرية /</subfield>
<subfield code="c">وضع هنرى مونييه وجاك تاجر.</subfield>
</datafield>
<datafield tag="880" ind1=" " ind2=" ">
<subfield code="6">260-03/</subfield>
<subfield code="a">القاهرة :</subfield>
<subfield code="b">دار المعارف،</subfield>
<subfield code="c">1947.</subfield>
</datafield>
<datafield tag="OWN" ind1=" " ind2=" ">
<subfield code="a">GENERAL</subfield>
</datafield>
<datafield tag="998" ind1=" " ind2=" ">
<subfield code="a">20031209</subfield>
<subfield code="d">20031209</subfield>
<subfield code="d">20031209</subfield>
<subfield code="n">NNU</subfield>
<subfield code="s">1</subfield>
<subfield code="t">c</subfield>
<subfield code="z">e</subfield>
</datafield>
<datafield tag="AVA" ind1=" " ind2=" ">
<subfield code="a">NYU50</subfield>
<subfield code="b">BOBST</subfield>
<subfield code="c">Main Collection</subfield>
<subfield code="d">Z857.E33 M86 1947</subfield>
<subfield code="e">unavailable</subfield>
<subfield code="t">Unavailable</subfield>
<subfield code="f">1</subfield>
<subfield code="g">1</subfield>
<subfield code="h">N</subfield>
<subfield code="i">0</subfield>
<subfield code="j">MAIN</subfield>
<subfield code="k">0</subfield>
</datafield>
</record>
